@online{testEntry,
  author={Floki},
  organization = {Amazon},
  title = {H},
  url = {speedtest.de},
  urldate = {2030-01-01}
}


@online{arXiv,
  organization = {Cornell University},
  title = {arXiv},
  url = {https://arxiv.org/},
  urldate = {2019-07-01}
}

@online{scholGoogle,
  organization = {Google},
  title = {Google Scholar},
  url = {https://scholar.google.de/},
  urldate = {2019-07-01}
}

@online{base,
  organization = {Bielefeld University},
  title = {BASE},
  url = {https://www.base-search.net/},
  urldate = {2019-07-01}
}

@online{ecmwf,
  organization = {European Centre for Medium-Range Weather Forecasts},
  title = {ECMWF},
  url = {https://www.ecmwf.int},
  urldate = {2019-07-01}
}

@online{terna,
  organization = {Terna},
  title = {Terna},
  url = {http://www.terna.it},
  urldate = {2019-07-01}
}

@online{kaggle,
  organization = {Google},
  title = {Kaggle},
  url = {https://www.kaggle.com/},
  urldate = {2019-07-01}
}

@online{Hyndman2018,
author = {Hyndman ,R.J. and Athanasopoulos ,G.},
organization = {OTexts: Melbourne, Australia},
title = {Forecasting: principles and practice, 2nd edition},
url = {https://otexts.com/fpp2},
year = {2018},
urldate = {2019-07-01}
}